@article{Cooley1965,
  title={An algorithm for the machine calculation of complex Fourier series},
  author={Cooley, James W and Tukey, John W},
  journal={Mathematics of computation},
  volume={19},
  number={90},
  pages={297--301},
  year={1965},
  publisher={JSTOR}
}

@article{Aji2000,
  title={The generalized distributive law},
  author={Aji, Srinivas M and McEliece, Robert J},
  journal={Information Theory, IEEE Transactions on},
  volume={46},
  number={2},
  pages={325--343},
  year={2000},
  publisher={IEEE}
}


@article{Dijkstra1959,
  title={A note on two problems in connexion with graphs},
  author={Dijkstra, Edsger W},
  journal={Numerische mathematik},
  volume={1},
  number={1},
  pages={269--271},
  year={1959},
  publisher={Springer}
}


@book{Nagata1985,
  title={Modern general topology},
  author={Nagata, J-I},
  year={1985},
  publisher={Elsevier}
}

@article{Parisi2007,
  title={Mean field theory of spin glasses: statics and dynamics},
  author={Parisi, Giorgio},
  journal={arXiv preprint arXiv:0706.0094},
  year={2007}
}

@book{Mezard2009,
  title={Information, physics, and computation},
  author={Mezard, Marc and Montanari, Andrea},
  year={2009},
  publisher={Oxford University Press}
}

@ARTICLE{ JorbaZou2005,
    author = "Angel Jorba and Maorong Zou",
    title = "{A software package for the numerical integration of ODE by means of high-order Taylor methods}",
    journal = "Experimental Mathematics",
    volume = "14",
    pages = "99-117" ,
    year = "2005"
}

@Article{Wengert1964,
  author =       "R. E. Wengert",
  title =        "{A simple automatic derivative evaluation program}",
  journal =      "Comm. ACM",
  volume =       "7",
  number =       "8",
  publisher =    "",
  year =         "1964",
  pages =        "463 -- 464",
  comment =      "",
  keywords =     "point algorithm; differentiation arithmetic; computer
                 program.",
  abstract =     "A procedure for automatic evaluation of total and
                 partial derivatives of arbitrary algebraic functions
                 is presented. The numerical values of derivatives are
                 computed without developing analytic expressions for
                 the derivatives. The function is decomposed into a
                 sequence of elementary expressions A library is
                 provided for differentiating of elementary functions.",
}

@inproceedings{ Griewank1989,
    author = "Griewank, Andreas",
    title = "{O}n {A}utomatic {D}ifferentiation",
    booktitle = "Mathematical Programming: Recent Developments and Applications",
    publisher = "Kluwer Academic Publishers",
    editor = "Iri, M. and Tanabe, K.",
    pages = "83-108",
    year = "1989",
}
%url = "citeseer.ist.psu.edu/griewank89automatic.html"

@ARTICLE{
         Neidinger1992,
       AUTHOR = "Neidinger, Richard D.",
       title = "{An Efficient Method for the Numerical Evaluation of Partial Derivatives of Arbitrary
         Order}",
       JOURNAL = "ACM Trans. Math. Software",
       VOLUME = "18",
       NUMBER = "2",
       YEAR = "1992",
       MONTH = "June",
       PAGES = "159--173",
       NOTES = "Also appeared as Preprint, Davidson College, Davidson, N.C., 1990."
} 

@article{Mehta2014,
  title={An exact mapping between the variational renormalization group and deep learning},
  author={Mehta, Pankaj and Schwab, David J},
  journal={arXiv preprint arXiv:1410.3831},
  year={2014}
}


